%% Created using Papers on Tue, 09 Aug 2016.
%% http://papersapp.com/papers/

@article{West:2001bv,
author = {West, Geoffrey B and Brown, James H and Enquist, Brian J},
title = {{A general model for ontogenetic growth}},
journal = {Nature},
year = {2001},
volume = {413},
number = {6856},
pages = {628--631},
month = oct
}


@article{moses2008rmo,
author = {Moses, Melanie E and Hou, Chen and Woodruff, William H and West, Geoffrey B and Nekola, Jeffery C and Zuo, Wenyun and Brown, James H},
title = {{Revisiting a Model of Ontogenetic Growth: Estimating Model Parameters from Theory and Data}},
journal = {http://dx.doi.org.proxy.lib.sfu.ca/10.1086/679735},
year = {2008},
volume = {171},
number = {5},
pages = {632--645},
month = may
}


@article{hou,
author = {Hou, Chen and Zuo, Wenyun and Moses, Melanie E and Woodruff, William H and Brown, James H and West, Geoffrey B},
title = {{Energy Uptake and Allocation During Ontogeny}},
journal = {Science},
year = {2008},
volume = {322},
number = {5902},
pages = {736--739},
month = oct
}

@book{stryer,
author = {Stryer, Lubert},
title = {{Biochemistry, Fourth Edition}},
publisher = {W.H. Freeman and Company},
pages = {608--611},
year = {1995},
address = {New York}
}

@article{Dunbrack:1993ec,
author = {Dunbrack, Robert L and Ramsay, Malcolm A},
title = {{The Allometry of Mammalian Adaptations to Seasonal Environments: A Critique of the Fasting Endurance Hypothesis}},
journal = {Oikos},
year = {1993},
volume = {66},
number = {2},
pages = {336--342},
month = mar
}


@article{Lindstedt:1985hm,
author = {Lindstedt, Stan L and Boyce, Mark S},
title = {{Seasonality, Fasting Endurance, and Body Size in Mammals}},
journal = {Am. Nat.},
year = {1985},
volume = {125},
number = {6},
pages = {873--878},
month = jun
}


@article{Lindstedt:2002td,
author = {Lindstedt, S L and Schaeffer, P J},
title = {{Use of allometry in predicting anatomical and physiological parameters of mammals.}},
journal = {Lab. Anim.},
year = {2002},
volume = {36},
number = {1},
pages = {1--19},
month = jan
}



@article{allen2002global,
  title={Global biodiversity, biochemical kinetics, and the energetic-equivalence rule},
  author={Allen, Andrew P and Brown, James H and Gillooly, James F},
  journal={Science},
  volume={297},
  number={5586},
  pages={1545--1548},
  year={2002},
  publisher={American Association for the Advancement of Science}
}



@article{estermann,
  title={Nutrient and energy conversion of grass-fed dairy and suckler beef cattle kept indoors and on high altitude pasture},
  author={Estermann, Beda L and Wettstein, Hans-Rudolf and Sutter, Franz and Kreuzer, Michael},
  journal={Animal Research},
  volume={50},
  number={6},
  pages={477--493},
  year={2001},
  publisher={EDP sciences}
}


